@article{baillot_TEIModelsPublication_2021,
  title = {{{TEI Models}} for the {{Publication}} of {{Social Sciences}} and {{Humanities Journals}}: {{Opportunities}}, {{Challenges}}, and {{First Steps Toward}} a {{Standardized Workflow}}},
  shorttitle = {{{TEI Models}} for the {{Publication}} of {{Social Sciences}} and {{Humanities Journals}}},
  author = {Baillot, Anne and Giovacchini, Julie},
  date = {2021},
  journaltitle = {Journal of the Text Encoding Initiative},
  number = {14},
  publisher = {Text Encoding Initiative Consortium},
  url = {https://journals.openedition.org/jtei/3419},
  urldate = {2025-03-17},
  file = {/home/mgl/Bureau/Travail/Bibliotheque_zoteros/storage/HJH7IAKP/Baillot et Giovacchini - 2021 - TEI Models for the Publication of Social Sciences and Humanities Journals Opportunities, Challenges.pdf}
}

@book{burnard_QuestCeQue_2015,
  title = {Qu'est-ce que la Text Encoding Initiative ?},
  author = {Burnard, Lou},
  date = {2015},
  publisher = {OpenEdition Press},
  url = {http://books.openedition.org/oep/1237},
  urldate = {2018-02-05},
  isbn = {978-2-8218-5580-9},
  langid = {french},
  file = {/home/mgl/Bureau/Travail/Bibliotheque_zoteros/storage/464LUUJX/Burnard - 2015 - Qu’est-ce que la Text Encoding Initiative .pdf}
}

@article{burnard_WhatTEIConformance_2019,
  title = {What Is {{TEI Conformance}}, and {{Why Should You Care}}?},
  author = {Burnard, Lou},
  date = {2019},
  journaltitle = {Journal of the Text Encoding Initiative},
  volume = {12},
  issn = {2162-5603},
  url = {http://journals.openedition.org/jtei/1777},
  urldate = {2019-07-03},
  abstract = {The recommendations of the Text Encoding Initiative (TEI) seem to have become a defining feature of the methodological framework of the Digital Humanities, despite recurrent concerns that the system they define is at the same time both too rigorous for the manifold variability of humanistic text, and not precise enough to guarantee interoperability of resources defined using it. In this paper I question the utility of standardization in a scholarly context, proposing however that documentation of formal encoding practice is an essential part of scholarship. After discussing the range of information such documentation entails, I explore the notion of conformance proposed by the TEI Guidelines, suggesting that this must operate at both a technical syntactic level, and a less easily verifiable semantic level. One of the more noticeable features of the Guidelines is their desire to have (as the French say) both the butter and the money for the butter; I will suggest that this polymorphous multiplicity is an essential component of the system, and has been a key factor in determining the TEI’s continued relevance.},
  langid = {english},
  file = {/home/mgl/Bureau/Travail/Bibliotheque_zoteros/storage/BCER5U33/Burnard - 2019 - What is TEI Conformance, and Why Should You Care.pdf;/home/mgl/Bureau/Travail/Bibliotheque_zoteros/storage/L3SLMCSM/1777.html}
}

@online{camps_tei_,
  type = {Billet},
  title = {{{TEI}}, {{LaTeX}} et Les Éditions Critiques Sur Papier : {{I}}. {{Les}} Différents Packages},
  shorttitle = {{{TEI}}, {{LaTeX}} et Les Éditions Critiques Sur Papier},
  author = {Camps, Jean-Baptiste},
  date = {2011},
  url = {http://graal.hypotheses.org/484},
  urldate = {2017-12-07},
  abstract = {En matière d’édition critique électronique, la norme qui semble aujourd’hui s’imposer suppose l’emploi du XML TEI. Mais, pour la version papier de cette même édition —~on peut après tout souhaiter disposer également d’une version papier, ne serait-ce que parce que … Lire la suite →},
  organization = {Sacré Gr@@l},
  file = {/home/mgl/Bureau/Travail/Bibliotheque_zoteros/storage/4E52GJ2K/484.html}
}

@article{eide_OntologiesDataModeling_2014,
  title = {Ontologies, {{Data Modeling}}, and {{TEI}}},
  author = {Eide, Øyvind},
  date = {2014-12-28},
  journaltitle = {Journal of the Text Encoding Initiative},
  issn = {2162-5603},
  doi = {10.4000/jtei.1191},
  url = {http://jtei.revues.org/1191},
  urldate = {2017-08-14},
  issue = {Issue 8},
  file = {/home/mgl/Bureau/Travail/Bibliotheque_zoteros/storage/5PJC5LFX/Eide - 2014 - Ontologies, Data Modeling, and TEI.pdf}
}

@incollection{fradejasrueda_CodificacionTEIEdiciones_2021,
  title = {La Codificación {{TEI}} de Las Ediciones de 1491 y 1555 de Las {{Siete Partidas}}},
  booktitle = {Las "{{Siete Partidas}}" Del {{Rey Sabio}}: Una Aproximación Desde La Filología Digital y Material},
  author = {Fradejas Rueda, José Manuel},
  date = {2021},
  pages = {253--265},
  publisher = {Iberoamericana},
  file = {/home/mgl/Bureau/Travail/Bibliotheque_zoteros/storage/VYBLII68/Fradejas Rueda - 2021 - La codificación TEI de las ediciones de 1491 y 155.pdf;/home/mgl/Bureau/Travail/Bibliotheque_zoteros/storage/P3L86P8F/5017232.html}
}

@article{scheithauer_EScriptoriumTEIPublisher_2021,
  title = {From {{eScriptorium}} to {{TEI Publisher}}},
  author = {Scheithauer, Hugo and Chagué, Alix and Romary, Laurent},
  date = {2021},
  journaltitle = {Brace your digital scholarly edition!}
}

@article{torstenroeder_JuxtaWebService_2020,
  title = {Juxta {{Web Service}}, {{LERA}}, and {{Variance Viewer}}. {{Web}} Based Collation Tools for {{TEI}}},
  author = {Torsten Roeder, Leopoldina},
  date = {2020},
  journaltitle = {RIDE},
  volume = {11},
  doi = {10.18716/ride.a.11.5},
  url = {https://ride.i-d-e.de/issues/issue-11/web-based-collation-tools/},
  urldate = {2021-11-23},
  abstract = {The review presents and compares three open source and web-based text collation tools, namely Juxta Web Service, LERA, and Variance Viewer, and investigates their suitability especially for philological work with TEI. While all tools adequately fulfill the general requirements of text collation, each of them supports individual workflow concepts and visualization methods. It is recommended that future developments consider supporting TEI standoff markup and tool modularization.},
  langid = {american}
}

